<record><leader>00000cas a2200000 a 4500</leader><controlfield tag="001">15875170</controlfield><controlfield tag="008">870610c19239999iluwr ne      0   a0eng c</controlfield><datafield ind1=" " ind2=" " tag="010"><subfield code="a">sn 87082785 </subfield></datafield><datafield ind1=" " ind2=" " tag="040"><subfield code="a">NPV</subfield><subfield code="b">eng</subfield><subfield code="c">NPV</subfield><subfield code="d">NVF</subfield><subfield code="d">DLC</subfield><subfield code="d">NVF</subfield><subfield code="d">OCLCF</subfield><subfield code="d">NVF</subfield><subfield code="d">OCLCO</subfield></datafield><datafield ind1="1" ind2=" " tag="029"><subfield code="a">AU@</subfield><subfield code="b">000020473701</subfield></datafield><datafield ind1=" " ind2=" " tag="042"><subfield code="a">pcc</subfield></datafield><datafield ind1=" " ind2=" " tag="043"><subfield code="a">n-us-il</subfield></datafield><datafield ind1="0" ind2="4" tag="245"><subfield code="a">The Heyworth star.</subfield></datafield><datafield ind1="1" ind2=" " tag="246"><subfield code="i">Final page has own masthead with title:</subfield><subfield code="a">Wapella elite</subfield><subfield code="f">Nov. 15, 1923-May 8, 1924</subfield></datafield><datafield ind1=" " ind2=" " tag="260"><subfield code="a">Heyworth, McLean County, Ill. :</subfield><subfield code="b">P.A. Chapman,</subfield><subfield code="c">1923-</subfield></datafield><datafield ind1=" " ind2=" " tag="300"><subfield code="a">v.</subfield></datafield><datafield ind1=" " ind2=" " tag="310"><subfield code="a">Weekly</subfield></datafield><datafield ind1="0" ind2=" " tag="362"><subfield code="a">Vol. 35, no. 44 (Nov. 15, 1923)-</subfield></datafield><datafield ind1=" " ind2=" " tag="515"><subfield code="a">Continues the numbering of Heyworth natural gas.</subfield></datafield><datafield ind1=" " ind2=" " tag="515"><subfield code="a">"Wapella elite" numbered Vol. 1, no. 44-v. 2, no. 29.</subfield></datafield><datafield ind1=" " ind2="0" tag="651"><subfield code="a">Heyworth (Ill.)</subfield><subfield code="v">Newspapers.</subfield></datafield><datafield ind1=" " ind2="0" tag="651"><subfield code="a">Wapella (Ill.)</subfield><subfield code="v">Newspapers.</subfield></datafield><datafield ind1=" " ind2="0" tag="651"><subfield code="a">McLean County (Ill.)</subfield><subfield code="v">Newspapers.</subfield></datafield><datafield ind1=" " ind2="7" tag="651"><subfield code="a">Illinois</subfield><subfield code="z">Heyworth.</subfield><subfield code="2">fast</subfield><subfield code="0">(OCoLC)fst01278463</subfield></datafield><datafield ind1=" " ind2="7" tag="651"><subfield code="a">Illinois</subfield><subfield code="z">McLean County.</subfield><subfield code="2">fast</subfield><subfield code="0">(OCoLC)fst01208904</subfield></datafield><datafield ind1=" " ind2="7" tag="651"><subfield code="a">Illinois</subfield><subfield code="z">Wapella.</subfield><subfield code="2">fast</subfield><subfield code="0">(OCoLC)fst01876234</subfield></datafield><datafield ind1=" " ind2="7" tag="655"><subfield code="a">Newspapers.</subfield><subfield code="2">fast</subfield><subfield code="0">(OCoLC)fst01423814</subfield></datafield><datafield ind1=" " ind2=" " tag="752"><subfield code="a">United States</subfield><subfield code="b">Illinois</subfield><subfield code="c">McLean</subfield><subfield code="d">Heyworth.</subfield></datafield><datafield ind1="0" ind2="0" tag="780"><subfield code="t">Heyworth natural gas</subfield><subfield code="w">(DLC)sn 90054533</subfield><subfield code="w">(OCoLC)21402094</subfield></datafield></record>